% https://en.wikibooks.org/wiki/LaTeX/Bibliography_Management#Entry_and_field_types_in_.bib_files

@online {bib:rpi3,
  author = {{Raspberry Pi Foundation}},
  title = {{Raspberry Pi 3 Model B}},
  note = "\url{https://www.raspberrypi.org/products/raspberry-pi-3-model-b/}. Accessed: 2018/1/22",
}
